2099 2844
570 127 676 162 Koxa
704 124 952 160 Cuius-rorum
981 134 1045 159 nex
1076 123 1221 158 Fonsrn.
1675 122 1718 155 71

242 265 326 296 ⁶353.
374 265 498 294 Articuli
544 264 766 293 Cunis'ropnonl
809 263 890 299 regis
926 265 1033 291 contra
1066 260 1214 290 Jacobum
1255 259 1418 289 Erlandum
1454 258 1724 296 archiepiscopum

67 317 275 348 Lundensem.
305 335 338 339 -
366 317 436 346 Sine
461 325 552 345 anno.

374 367 518 397 Langebek,
538 367 660 397 scriptor.
682 372 729 389 rer.
751 365 867 389 Danlcnr.
890 364 914 388 V.
935 364 1060 389 ι’»Μ-Ἐθῖι.

242 419 327 450 “354.
375 419 551 458 Responsio
582 419 684 448 heom
717 418 845 447 Enniam
880 416 1106 454 archicpiscopi
1140 415 1315 444 Lundensis
1344 413 1380 443 ad
1413 413 1558 442 articulos
1584 413 1725 441 Christo-

67 471 156 511 phori
181 472 274 508 regis.
301 488 338 492 -
373 471 444 500 Sine
468 479 559 500 anno.

374 521 518 552 Langobar,
539 521 661 551 scriptor.
682 526 729 544 rer.
751 520 866 544 Dantem.
888 518 913 542 V.
933 519 1058 544 ι’»ἱοῠ-ξοϋ.

742 640 1056 682 1257—1259?

244 736 330 768 “355.
377 736 611 772 (Cuiusrornom
637 735 729 772 regis)
754 734 946 763 constitutio.
972 750 1010 754 —‡
1036 733 1107 761 Sine
1132 740 1224 761 anno.

376 786 588 811 Koiod-Ancber.
617 785 779 810 Lovhistorie
803 785 819 809 Ι.
843 784 986 810 ὅου-605.
1023 783 1186 807 Aarsberetn.
1216 782 1253 806 ira
1283 781 1477 806 Geheimearch.
1505 780 1531 803 V.
1553 779 1653 805 12—14
1680 780 1731 809 (om

375 829 455 854 Tiden
482 836 509 854 se
528 829 605 854 sstds.
627 828 652 852 V.
672 828 704 858 3).

840 949 964 990 1258.

244 1044 330 1076 *356.
377 1044 540 1075 Smnunu's
564 1043 805 1074 Pomeranorum
831 1042 889 1072 dux
914 1045 944 1071 ct
967 1041 1113 1080 princeps
1145 1040 1302 1077 ecclesia’,
1328 1048 1405 1077 quae,
1431 1038 1575 1068 fratribus
1597 1037 1733 1067 Dobera-

71 1097 222 1127 nensibus
246 1096 326 1134 data,
352 1097 381 1125 in
407 1095 568 1126 Samburia
591 1099 648 1133 est,
673 1095 789 1133 aliquot
812 1094 893 1123 bona
917 1092 953 1122 ad
978 1092 1137 1122 abbaciam
1162 1092 1348 1122 fundandam
1374 1090 1467 1120 donat
1491 1093 1520 1119 et
1544 1089 1674 1119 confert.
1695 1105 1734 1109 ——

74 1148 227 1184 Dersmre,
252 1147 426 1177 indiccione
452 1147 488 1185 l.,
513 1147 562 1176 VI.
587 1147 656 1176 idus
680 1147 766 1184 Julii,
792 1149 931 1184 tempore
955 1144 1071 1174 domini
1095 1143 1256 1174 Alexandri
1281 1151 1370 1181 pape,
1396 1141 1551 1171 Richardo
1576 1140 1734 1170 Romano-

73 1208 140 1230 rum
164 1202 312 1237 regnante
337 1207 409 1235 rege
434 1202 464 1228 et
488 1198 698 1228 Cuiusrorono
724 1205 834 1227 atomi
860 1196 952 1226 DAClE
976 1203 1125 1225 rcuciren
1149 1203 1344 1225 conanum-rc.

379 1248 636 1280 Meklenburgisches
655 1248 823 1274 Urkundenb.
844 1247 871 1272 11,
892 1246 1017 1273 124-26.

247 1301 333 1333 ’3572
381 1301 546 1332 8ΑΜΒοκιυε
570 1301 813 1331 Pomeranorum
845 1299 903 1329 dux
934 1302 1041 1329 notum
1066 1299 1153 1336 facit,
1179 1297 1355 1327 Conradum
1385 1297 1526 1326 abbatem
1557 1297 1736 1326 monasterii

75 1354 306 1384 Doberanensis
340 1353 458 1391 aliquot
487 1352 569 1382 bona
603 1353 792 1383 monasterio
827 1352 857 1381 in
888 1350 1047 1380 Samburia
1081 1349 1257 1380 donavisse.
1284 1366 1322 1370 —-
1352 1349 1514 1384 Dirssowe,
1549 1351 1635 1377 sexto
1667 1347 1737 1377 idus

74 1405 156 1443 Julii,
181 1404 344 1443 Rychardo
369 1413 440 1442 rege
465 1407 496 1433 et
519 1404 731 1435 Cnnrsrortao
756 1411 867 1434 anasum
892 1402 986 1432 Darii-2
1011 1410 1158 1432 εειιςιτεκ
1183 1409 1378 1431 noceamus.

380 1455 636 1487 Meklenburgisches
655 1455 823 1480 Urkundenb.
844 1454 872 1478 ll.
892 1452 1018 1480 121—29.
1036 1453 1093 1482 Jvrr.
1113 1452 1141 1476 X.
1161 1452 1219 1478 621.

249 1507 334 1539 ‘358.
379 1508 557 1538 Auximum
581 1507 685 1544 (thus)
710 1515 789 1546 papa
813 1506 962 1545 episcopo
983 1504 1182 1534 Roskildcnsi
1208 1503 1342 1541 mandat,
1368 1506 1410 1536 ut,
1437 1511 1529 1540 quum
1556 1502 1738 1531 universitas

76 1559 234 1589 hominum
260 1559 352 1589 castri
382 1558 418 1587 de
444 1558 709 1597 Copmannaehasn
734 1558 898 1588 diaconum
931 1557 1080 1586 latronem
1106 1555 1320 1594 suspenderit,
1352 1553 1622 1594 principalioribus
1652 1554 1739 1583 necis

76 1610 168 1649 hujus
193 1611 342 1648 injungat,
368 1613 400 1639 ut
424 1619 457 1639 se
478 1618 564 1649 papae
586 1611 770 1648 conspectui
798 1611 1031 1648 rcpraesentent,
1056 1608 1124 1637 aliis
1148 1610 1249 1637 autem
1275 1608 1340 1645 ipso
1365 1606 1593 1636 absolutionem
1619 1606 1739 1643 impen-

76 1661 138 1692 dat.
167 1679 199 1682 —
239 1659 369 1698 Vieerbio'‚
397 1661 474 1691 Vlll.
502 1661 648 1691 kalendas
673 1661 874 1701 Septembris,
899 1660 1098 1700 pontificatus
1123 1659 1221 1689 nostri
1245 1666 1326 1688 anno
1351 1661 1470 1696 quarto.

384 1713 411 1738 0.
432 1713 544 1741 Nielsen,
565 1713 749 1742 Kjobenhavns
768 1712 984 1744 Diplomatarium
1004 1711 1020 1735 l.
1041 1710 1081 1736 ⁵2⁶2.

251 1763 336 1796 “359.
385 1765 654 1800 Cluuiisrornonust
692 1765 849 1794 Danorum
881 1764 1121 1801 Sclavorumque
1153 1771 1204 1792 rex
1235 1761 1435 1791 bondonibus
1471 1760 1507 1790 de
1539 1759 1739 1796 liaerrigstath

78 1824 186 1846 omnes
222 1815 462 1846 consvetudincs
492 1819 521 1846 et
545 1817 634 1855 Jura,
670 1825 736 1855 quae
766 1825 783 1846 a
813 1819 898 1854 patre
929 1824 986 1845 suo
1022 1824 1093 1852 rege
1123 1813 1320 1843 Woldemaro
1361 1813 1586 1842 ·din0scnntur
1620 1811 1741 1849 plenius

79 1867 261 1906 habuisse«,
287 1867 459 1898 confirmat.
485 1885 523 1890 ——
547 1867 675 1899 Slesu-ic.
698 1868 748 1898 Vl.
773 1868 831 1897 kal.
857 1867 1058 1906 Septembris.

328 1918 331 1921 '
385 1918 478 1944 Histor.
499 1919 614 1944 Tidsskr.
634 1919 673 1944 IV.
693 1919 749 1945 602.

250 1970 340 2002 1017,
387 1971 414 1996 0.
435 1971 547 1999 Nteisen,
567 1971 684 2002 Samling
703 1971 730 1995 as
746 1970 900 1995 Adkomster
920 1976 942 1994 o.
963 1976 982 1994 s.
1003 1976 1025 1993 v.
1045 1969 1084 1993 sor
1104 1969 1166 1993 Ribc
1186 1968 1346 1999 Domkapitol
1367 1969 1391 1992 S.
1411 1967 1451 1993 22.

249 2021 340 2054 1022,
387 2022 473 2050 Lisch.
493 2022 734 2054 Meklenburgiscbe
754 2021 894 2047 Urkunden
915 2021 932 2046 Ι.
952 2021 1077 2047 115-16.
1115 2020 1370 2051 Meklenburgisches
1390 2019 1557 2044 L'rkundenb.
1578 2019 1605 2043 ΙΙ.
1626 2018 1682 2044 116,

608 2145 720 2186 1258
754 2145 840 2186 Fin.
874 2145 938 2185 vel
974 2144 1085 2185 1259
1119 2143 1211 2205 Init.

238 2236 324 2268 ·360.
372 2237 516 2269 JonAxms
540 2237 613 2267 dicti
637 2237 756 2267 abbatis
781 2236 1018 2267 clarevallensis
1049 2235 1086 2266 ad
1111 2236 1291 2266 coabbatem
1317 2243 1406 2264 suum
1432 2234 1468 2263 de
1494 2234 1602 2263 Esrom
1627 2234 1745 2270 litterae,

84 2288 197 2327 quibus
226 2289 253 2318 ei
283 2289 431 2327 injungit,
455 2293 489 2320 ut
522 2289 676 2328 recipiens
708 2288 744 2318 ab
774 2288 883 2318 abbate
913 2291 943 2318 et
971 2291 1125 2317 conventu
1155 2287 1191 2317 de
1217 2287 1340 2316 Dobran
1371 2286 1446 2316 XXX
1476 2294 1596 2315 marcas
1627 2285 1746 2322 argenti

84 2340 122 2370 ad
152 2339 276 2378 pondus
305 2340 462 2370 Trecense
491 2340 600 2370 iisdem
632 2349 741 2370 omnes
770 2340 904 2373 litteras,
941 2340 1145 2369 instrumenta
1175 2339 1236 2367 sive
1267 2338 1424 2377 privilegia
1453 2337 1489 2366 ad
1521 2337 1679 2366 abbaciam
1709 2336 1746 2365 de

85 2391 210 2428 Dargon
235 2391 298 2421 sive
321 2391 358 2421 ad
379 2393 432 2430 jus
455 2392 660 2430 paternitatis,
685 2392 715 2421 in
739 2391 868 2421 eandem
894 2391 1104 2427 reclamatum,
1129 2390 1316 2428 pertinentia
1339 2389 1446 2418 tradat.
1472 2406 1510 2410 —
1536 2389 1608 2417 Sine
1632 2396 1724 2417 anno.

393 2442 648 2474 Meklenburgisches
673 2442 840 2468 Urkundenb.
867 2442 894 2466 ll.
916 2442 964 2467 135»
987 2443 1003 2470 (i
1023 2447 1054 2465 cn
1075 2441 1175 2465 Vidisse
1199 2448 1229 2471 og
1255 2440 1396 2471 Kvittering
1421 2440 1458 2464 {ra
1482 2440 1574 2464 Esrom
1599 2439 1699 2464 Kloster
1723 2439 1750 2463 ai

392 2485 414 2511 7.
434 2485 494 2510 Juni
515 2485 589 2515 1259,
608 2486 650 2510 Νι.
671 2485 750 2515 “363).

1789 255 1880 287 1257.

1753 633 1953 666 1257-1259?

1798 952 1890 984 1258.

1771 1039 1809 1064 104
1830 1038 1898 1063 Julii.

1774 1302 1813 1326 10.
1833 1300 1901 1325 Julii.

1775 1508 1815 1533 25.
1842 1508 1959 1537 Augusti.

1777 1766 1817 1792 Ξῖ.
1844 1766 1961 1796 Augusti.

1778 1972 1802 1998 8.
1823 1972 1924 2003 septbr.

1825 2138 1907 2170 1258

1763 2191 1816 2215 Pin.
1841 2190 1881 2214 vel
1901 2189 1966 2215 1:259

1837 2229 1893 2253 luit.
