2099 2844
682 116 787 152 Kosa
817 117 910 153 Ean<
934 116 1113 153 Gcirrffio.
1680 115 1726 148 83

241 258 326 290 '441.
372 259 555 290 Mimnm
582 255 992 297 Danoruszclavorumque
1018 258 1133 294 regina,
1159 255 1283 285 domina
1297 254 1442 289 Estoniae,
1469 250 1622 288 religiosis
1647 259 1723 280 con-

67 311 176 339 ventus
201 309 318 340 ordinis
333 310 588 342 cisterciensium
614 311 643 340 in
659 309 780 340 Revalia
805 309 968 339 ecclesiam
993 308 1072 338 beati
1095 308 1179 338 Olavi
1194 307 1305 336 ibidem
1327 303 1478 337 concedit.
1497 326 1538 331 -
1553 306 1722 344 Nakopinq,

67 359 212 391 calendas
236 362 379 400 Augusti.

374 413 541 439 Monumenta
561 414 674 438 Livonlae
694 414 806 443 antiquae
826 411 866 436 lll.
887 411 942 437 193.
972 411 1067 441 Bungc,
1089 411 1164 437 Liv.·.
1186 410 1271 435 Estn-
1292 417 1315 434 u.
1332 410 1534 437 Curiandisclies
1556 409 1723 436 L'rkundcnb.

370 456 388 480 l.
409 457 466 482 507.

232 506 324 538 1164,
369 507 453 538 Tydsk
474 508 529 533 Udt.
551 510 557 532 i
577 507 700 532 Zeitschr.
721 507 736 531 s.
757 505 1161 537 Schlesxxig-Holstein-Lauenb.
1182 505 1273 529 Gcsch.
1297 504 1333 529 Vl.
1355 505 1453 536 Repert.
1475 508 1498 529 S.
1522 507 1575 532 110.

239 568 324 599 *442
372 568 482 607 Gt'ino,
522 568 599 598 tituli
625 568 723 598 sancti
747 566 909 596 Laurencii
944 566 974 595 in
1005 565 1121 595 Lucina
1151 565 1302 604 presbiter
1327 565 1506 603 cardinalis,
1543 565 1722 604 apostolica‘

65 617 147 647 sedis
174 618 304 657 legatus,
331 621 480 659 episeopo
505 619 698 649 sleswicensi
723 617 857 655 mandat,
883 621 914 647 ut
939 617 1130 655 Johannem,
1155 617 1354 656 praepositum
1380 617 1519 646 ecclesiae
1546 617 1724 646 llammcm-

63 668 244 708 burgensis,
281 672 310 701 in
345 672 548 710 possessione
587 670 674 700 dictae
706 670 917 709 praepositurae
951 668 1110 706 defendat,
1147 677 1203 698 nec
1234 669 1387 707 permittat
1416 677 1484 698 eum
1515 677 1532 698 a
1571 676 1725 706 quoquam

64 720 198 751 indebite
224 723 392 752 molestari.
419 740 456 744 —
483 721 608 757 Lubeke,
645 722 742 751 tercio
767 719 913 749 kalendas
939 719 1145 759 Septembris,
1182 720 1379 758 pontificatus
1409 720 1524 750 domini
1558 719 1725 749 Clementis

63 780 149 811 papae
177 773 249 803 unu
273 782 354 804 anno
379 775 480 804 tertio.

369 825 545 856 prenberg,
569 824 708 855 flamburg.
730 822 945 848 Urkundenbuch
965 822 981 846 l.
1001 822 1126 848 597—98.

231 884 321 916 1166,
370 885 456 909 Dansk
475 886 564 910 Overs.
585 886 592 908 i
612 884 743 912 ΗνίῑῐοΙᾱῑ,
764 884 854 908 Danm.
876 882 951 914 Rigcs
971 882 1048 907 Kren.
1070 882 1207 913 livertudg.
1229 882 1257 907 tt.
1281 882 1399 909 322-24
1428 889 1458 914 og
1479 884 1485 907 i
1507 882 1626 907 Vidcnsk.
1644 882 1725 906 Selsk.

371 928 427 952 Skr.
448 927 474 952 V.
496 927 588 952 Raekke
608 927 749 959 nist-phil.
770 927 825 951 Md.
847 925 884 951 iv.
904 925 1030 952 366—58.

231 987 322 1019 1167,
368 987 454 1017 Βμηεκ
475 988 563 1013 Overs.
585 989 590 1012 l
612 987 731 1012 Vidensk.
753 987 835 1012 Selsk.
856 987 911 1011 Skr.
932 986 959 1010 V.
980 986 1072 1011 Raekke
1092 986 1234 1017 {list—phil.
1255 986 1309 1010 ΑΜ.
1330 986 1368 1010 lV.
1388 986 1512 1012 353—56.

235 1047 321 1080 2143.
369 1047 504 1078 Ctssuess
519 1048 628 1085 (1Vtus)
641 1056 720 1087 papa
733 1047 898 1086 Gtuidoni),
923 1046 1095 1086 presbitero
1116 1046 1274 1085 cardinali,
1300 1046 1400 1084 legato
1426 1046 1508 1076 sedis
1533 1046 1724 1085 apostolica,

62 1099 90 1128 in
119 1099 245 1137 negotio
272 1100 352 1129 inter
376 1108 480 1137 regem
506 1103 535 1130 et
558 1101 696 1138 reginam
722 1098 816 1128 Datiae
849 1107 884 1127 ex
908 1106 970 1128 una
999 1102 1084 1137 parte
1117 1101 1145 1128 et
1169 1098 1441 1137 archiepiscopum
1466 1097 1663 1128 Lundensem
1697 1101 1725 1127 et

63 1150 245 1189 episcopum
259 1149 501 1181 Roskildensem
526 1155 555 1181 et
579 1151 722 1190 praelatos
748 1149 898 1188 quosdam
930 1150 1016 1187 regni
1036 1149 1130 1179 Datiae
1155 1158 1190 1179 ex
1214 1150 1318 1187 altera,
1343 1158 1414 1187 rege
1439 1153 1468 1179 et
1491 1150 1597 1186 regina
1621 1157 1724 1178 coram

62 1209 111 1239 en,
136 1204 168 1232 ut
191 1202 346 1241 citaverat,
370 1210 434 1232 non
454 1211 634 1241 comparere
659 1201 850 1239 curantibus,
876 1201 930 1231 sed
952 1204 1078 1240 propter
1100 1202 1285 1231 sententiam
1305 1201 1633 1231 excommunicationis
1658 1201 1724 1238 ejus

61 1252 299 1292 appellantibus,
323 1253 457 1293 mandat,
483 1257 515 1284 ut
534 1263 637 1292 regem
659 1257 688 1284 et
712 1254 850 1291 reginam
866 1252 1002 1291 inducat,
1028 1256 1059 1283 ut
1078 1252 1242 1292 praedictos
1264 1253 1407 1291 praelatos
1426 1253 1456 1282 in
1477 1260 1604 1290 regnum
1625 1251 1724 1281 redire

62 1305 240 1343 permittant
263 1306 363 1344 iisque
387 1305 539 1336 beneficia
563 1309 592 1336 et
614 1305 697 1335 bona
721 1305 899 1342 restituant,
935 1308 964 1334 et
989 1305 1132 1344 praelatos
1162 1305 1341 1343 promittere
1365 1305 1473 1341 saciat,
1510 1313 1542 1334 se
1567 1312 1671 1341 regem
1696 1307 1724 1333 et

65 1356 203 1393 reginam
230 1364 293 1387 non
317 1356 495 1387 offensuros
519 1366 576 1387 nec
602 1365 731 1396 regnum
756 1355 934 1387 turbaturus
959 1364 1045 1394 esse;
1083 1357 1107 1386 si
1133 1357 1318 1395 compositio
1349 1356 1509 1395 provenire
1542 1356 1722 1393 nequiverit,

61 1407 218 1447 decernat,
254 1408 336 1446 quod
371 1417 467 1446 regno
503 1412 532 1439 et
556 1408 689 1447 praelatis
719 1408 840 1438 utilitati
873 1416 945 1437 esse
977 1408 1129 1446 videatur,
1165 1411 1195 1438 et
1225 1408 1358 1447 praelatis
1384 1407 1524 1438 exulibus
1548 1407 1722 1437 facultatem

61 1459 193 1490 clericos
218 1468 293 1490 suos
318 1459 480 1490 ordinandi
505 1459 665 1490 concedat.
692 1477 730 1481 -
755 1459 826 1489 Sine
851 1467 941 1489 anno.

367 1511 402 1541 Ny
421 1511 554 1536 kirkcliist.
575 1511 721 1542 Samllnger
741 1511 780 1536 itt.
802 1510 942 1537 124—126.

234 1570 319 1603 ‘444
366 1572 442 1601 Acta
465 1579 600 1602 GAPtTL'Li
626 1580 782 1602 canemus
808 1579 924 1602 ORDtNtS
950 1580 1188 1602 Psseolt‘nont‘ii.
1216 1570 1301 1610 220:
1327 1570 1536 1601 Concedimus
1556 1571 1720 1609 provincia·

61 1622 160 1653 DAcie
184 1631 277 1653 unam
302 1623 446 1661 domum,
481 1622 649 1654 dummodo
681 1624 747 1653 sine
777 1622 920 1661 gravibus
946 1622 1184 1653 condicionibus
1209 1624 1374 1662 recipiatur
1398 1626 1427 1653 et
1451 1623 1516 1653 sine
1542 1621 1720 1661 praejudicio

62 1673 190 1704 aliarum
215 1675 453 1714 provinciarum.
478 1692 519 1697 —
542 1675 695 1705 Bonom‘oe.

366 1725 479 1750 Martene
498 1728 523 1751 et
542 1725 656 1755 Dumna,
676 1726 752 1752 Thes.
773 1732 830 1751 nov.
851 1725 968 1750 anecdot.
989 1725 1028 1750 lV.
1049 1725 1191 1752 1145—48.

741 1838 1044 1880 1267-1277.

233 1913 320 1946 ⁶445.
367 1915 551 1946 Wacnssmiu
576 1917 658 1954 regis
690 1915 855 1946 Svevorum
880 1914 918 1945 ad
942 1915 1114 1946 Alvericum
1147 1915 1312 1954 Erlingson
1349 1919 1376 1945 et
1413 1915 1521 1945 Othaen
1554 1915 1718 1945 AEstaetorn

59 1965 177 2004 litterae,
213 1966 324 2005 quibus
349 1965 385 1995 ab
410 1966 446 1996 iis
470 1968 562 2006 petit,
598 1970 630 1997 ut
656 1967 858 2005 Godikinum,
895 1967 946 2005 qui
981 1967 1088 1998 anobis
1120 1968 1227 1997 attinet
1257 1970 1285 1997 et
1316 1970 1421 1998 nostre
1452 1967 1519 1996 ville
1545 1967 1717 1998 ΜΑιΜοΰκε

54 2018 124 2056 Jure
149 2017 333 2048 hereditario
357 2017 440 2048 bono
464 2018 702 2057 patrimonialiu,
728 2026 804 2057 pace
829 2018 993 2057 tranquilla
1016 2020 1146 2049 transire
1172 2019 1294 2049 saciant.
1321 2038 1358 2040 —
1385 2019 1454 2049 Sine
1479 2027 1572 2049 anno.

365 2069 533 2095 Urkundenb.
554 2069 577 2094 d.
598 2069 672 2095 Stadt
692 2069 796 2096 Lubeck
815 2070 855 2095 ui.
875 2070 917 2095 2⁴2.

829 2193 952 2234 1268.

231 2273 316 2306 ’446.
363 2275 517 2306 Arsanus
536 2275 793 2316 archiepiscopus
806 2276 954 2315 Rigensis
968 2277 1070 2308 Suc-ha
1091 2278 1156 2307 sive
1170 2276 1309 2316 Nicolao,
1323 2277 1418 2307 nobili
1438 2277 1474 2307 de
1490 2278 1629 2308 Lettonia
1642 2285 1714 2317 pro-

57 2325 166 2364 vincia,
186 2325 312 2356 nunnus
326 2325 478 2364 baptisato
498 2329 528 2357 et
545 2335 668 2358 omnem
683 2336 770 2358 suam
791 2328 992 2359 hereditatem
1007 2329 1146 2359 ecelesiae
1161 2328 1302 2366 tradenti,
1317 2329 1397 2359 lianc
1417 2330 1526 2359 iterum
1545 2330 1575 2359 in
1590 2329 1714 2360 seudum

57 2377 188 2407 confert.
213 2394 250 2399 —
276 2377 312 2406 ln
334 2386 422 2407 coena
448 2378 576 2408 Domini.

362 2428 418 2453 Udt.
439 2430 445 2453 i
465 2429 580 2454 Mltthell.
600 2436 647 2454 aus
666 2430 690 2455 d.
703 2431 803 2467 pescli.
824 2431 900 2458 Liv.-,
922 2430 1007 2455 Esth.—
1028 2438 1052 2455 u.
1072 2430 1202 2456 Curiands
1223 2431 1262 2456 tit.
1282 2432 1315 2457 66
1334 2438 1364 2461 og
1385 2433 1392 2456 i
1413 2431 1509 2463 Bunge.
1531 2432 1605 2459 Ην,
1627 2433 1712 2458 Estn-

364 2478 387 2495 ιι.
408 2471 610 2497 Curiandisehes
631 2472 796 2498 Urkundenb.
817 2474 833 2498 Ι.
855 2473 914 2504 fleg.
935 2475 959 2497 S.
982 2474 1035 2499 111.

1462 2527 1506 2554 11·

1791 174 1882 207 1267.

1764 237 1783 261 l.
1805 236 1921 266 Augusti.

1763 493 1801 518 16.
1828 493 1945 522 Augusti,

1761 552 1794 579 30
1826 553 1936 583 Augusti

1766 871 1805 897 10.
1825 871 1925 902 Septbr.

1763 976 1800 1002 10.
1822 975 1921 1007 septbr.

1741 1821 1940 1854 1267-1277.

1781 2193 1872 2226 1268.

1753 2266 1775 2291 ἴ».
1797 2263 1900 2295 Aprilis.
