2099 2844
131 246 320 279 1273-1288.

192 646 279 676 1231.

193 716 209 738 2·
237 713 299 737 Febr

160 961 196 985 lti.
219 960 287 984 Febr

176 1164 215 1190 23.
235 1164 303 1188 Julll.

140 1218 179 1242 2⁸0.
200 1216 299 1247 Septbr.

125 1521 201 1550 Ante
234 1518 324 1550 1275.

193 1920 282 1952 1275.

148 1981 187 2006 29.
206 1981 310 2004 Janunr.

177 2032 216 2057 ⁸2¹).
238 2031 307 2055 Febr.

185 2093 218 2117 22
246 2091 308 2119 Muli⁴

164 2400 180 2424 9
207 2399 309 2423 Octobr.

348 113 393 146 38
951 104 1054 140 Kone
1081 104 1172 139 Eam
1196 104 1376 141 GLu’emo.

1019 234 1323 275 1273-1288.

518 311 602 342 ‘46st
647 311 795 342 Tumens)
826 310 964 348 episcopi
994 308 1139 347 Ripensis
1168 309 1273 339 litteroe
1303 309 1340 339 de
1371 310 1596 349 compositione
1620 311 1698 340 inter
1726 319 1760 340 se
1791 314 1820 341 et
1843 311 1990 341 dominun

345 363 402 392 Jon
428 362 508 391 lwoer
531 371 588 391 sun
612 361 649 391 de
673 369 830 391 consensu
861 360 997 398 capituli,
1022 361 1062 389 ita
1092 363 1124 390 ut
1147 360 1204 389 Jon
1235 369 1290 399 pro
1320 360 1414 390 fundo
1447 361 1476 390 in
1500 361 1684 398 Fogherhalt
1715 361 1793 391 duos
1823 362 1912 392 funes
1936 370 1991 401 pro

346 423 406 443 uuo
431 415 460 442 in
491 412 704 449 Yldoerbioergh
729 415 759 440 et
783 420 837 450 pro
863 412 951 440 terris
981 412 1010 440 iu
1040 411 1237 441 Seemmarch
1269 412 1372 441 sunem
1401 420 1457 450 pro
1486 412 1558 442 l'une
1587 413 1617 441 in
1649 412 1849 449 flavaerbiaerg
1879 413 1990 442 habere
2027 456 2031 460 Ι

345 464 462 493 debeat.
491 481 527 486 —
552 464 622 493 Sine
646 472 737 493 anno.

648 516 675 537 υ.
697 514 808 541 Metaon,
828 513 944 544 Sumllng
963 513 989 537 nt
1007 512 1159 537 Adkomster
1179 520 1201 536 o.
1221 520 1241 537 s.
1261 520 1283 538 v.
1304 513 1341 537 lor
1362 513 1423 538 Rlbe
1443 513 1603 544 Domknpltel
1623 514 1647 538 S.
1667 514 1708 539 21.

518 709 602 740 ³170.
648 709 776 739 heom-s
790 710 870 739 nlius
890 709 1028 739 Nicholai
1053 710 1174 739 comitis
1198 709 1392 749 (Hallandiae)
1417 710 1624 747 recognoscit,
1650 718 1683 739 se
1697 710 1801 740 Ottoni
1825 711 1930 740 comiti
1953 709 1990 740 de

346 761 565 797 navensbergu
589 764 713 791 centum
738 764 767 790 et
791 762 949 798 octoginta
972 769 1090 790 marcas
1115 761 1218 790 denar.
1244 765 1375 791 monetae
1401 761 1616 791 flallandensis
1645 760 1768 791 debere.
1795 778 1831 783 —-
1855 761 1987 797 Glaulas,

345 814 451 851 quinto
476 812 544 842 idus
569 812 734 842 Februarii.

648 863 747 893 Lumey.
778 862 978 893 Diplomntlsche
998 862 1151 887 Geschichte
1171 862 1194 886 d.
1214 863 1282 887 alten
1303 863 1397 888 Gralen
1417 870 1439 887 v.
1460 862 1637 894 Ravensberg.
1667 862 1752 887 Codex
1771 862 1902 894 diplomat.
1923 862 1992 890 §.48

650 906 720 931 -4Η,
758 905 854 932 noller.
875 905 1115 935 Forn-llnndllngur
1135 905 1244 930 rurande
1263 905 1371 931 Hallund
1390 907 1414 929 S.
1434 906 1474 931 20.

517 957 601 987 ·4'11.
647 955 850 995 Tutaoozmci)
875 957 996 986 comitis
1010 957 1161 986 Clivensis
1186 957 1290 986 litterae
1315 957 1352 986 ad
1366 957 1488 987 Erikum
1513 965 1615 994 regem
1630 957 1733 995 Dacie,
1758 957 1870 995 quibus
1893 957 1930 987 ab
1954 965 1991 988 eo

344 1009 427 1047 petit,
453 1011 485 1036 ut
508 1007 589 1037 bona
613 1007 726 1037 Alberti
750 1007 822 1037 dicti
846 1007 924 1045 Albi,
949 1008 999 1045 qui
1023 1007 1103 1046 apud
1127 1007 1255 1038 Holbike
1280 1008 1459 1046 decesserit,
1484 1007 1650 1038 heredibus
1674 1009 1752 1046 eius,
1776 1007 1939 1038 Thiderico
1963 1011 1993 1039 et

343 1059 517 1096 Thiderico,
543 1058 689 1088 tradenda
713 1062 810 1088 curet.
836 1076 875 1079 —
899 1058 1017 1088 Juliane
1042 1059 1178 1096 virginis.

648 1109 813 1134 Urkuudenb.
833 1109 857 1133 d.
877 1109 951 1133 suadt
969 1109 1073 1133 Lubeck
1092 1109 1121 1133 ll.
1140 1109 1249 1136 34—35.

513 1161 602 1192 1228,
648 1161 676 1185 Ο.
697 1161 808 1187 Nlelsen.
828 1160 944 1192 Snmllng
963 1161 990 1185 as
1006 1160 1159 1185 Adkomster
1178 1168 1200 1185 ο.
1220 1167 1240 1186 s.
1261 1168 1283 1185 v.
1303 1161 1341 1185 l'or
1361 1161 1423 1186 Rlbe
1443 1161 1601 1192 Domkapltel
1621 1161 1646 1186 S.
1666 1161 1739 1187 4—5.

517 1211 601 1243 ‘472
648 1212 851 1249 mmmmm)
872 1212 1027 1242 Danorum
1043 1212 1280 1250 sclavorumque
1304 1213 1419 1250 regina,
1446 1212 1571 1242 domina
1594 1213 1738 1250 Estonioe‚
1763 1213 1907 1250 Johanni,
1931 1211 1992 1243 filio

345 1263 533 1302 Undelempi,
559 1263 692 1293 alodium
717 1272 812 1293 unum
837 1264 866 1292 in
891 1264 960 1293 villa
972 1263 1093 1301 Pugaete
1119 1267 1148 1293 et
1171 1265 1285 1294 curiam
1311 1272 1402 1293 unam
1427 1265 1456 1293 in
1481 1268 1582 1294 castro
1597 1263 1769 1294 Revaliensi
1790 1265 1859 1303 J'ure
1883 1263 1993 1294 feodali

344 1316 373 1344 in
398 1318 578 1354 perpetuum
604 1314 791 1353 possidenda
814 1314 966 1344 concedit.
994 1332 1028 1336 —
1054 1315 1234 1352 Nykoepiny,
1262 1316 1291 1344 in
1316 1315 1363 1345 die
1387 1314 1416 1344 b.
1441 1315 1610 1345 Michaelis.

648 1365 749 1396 Bunge,
775 1365 855 1393 Liv.·.
880 1365 966 1389 Esth.-
986 1372 1011 1389 u.
1031 1365 1235 1390 Curlimdisches
1255 1365 1420 1390 Urkuutlenb.
1443 1365 1481 1390 lll.
1503 1366 1609 1392 'Io—72.
1657 1366 1758 1391 Brudst.
1779 1368 1785 1390 i
1812 1366 1915 1397 Bunge,
1944 1365 1992 1390 Das

650 1408 822 1439 Herzogthum
842 1408 950 1433 Estland
970 1409 994 1432 S.
1013 1407 1071 1435 363.

1028 1514 1135 1553 Ante
1172 1513 1296 1553 1275.

496 1587 582 1619 ²473.
629 1587 720 1618 lndex
752 1588 858 1618 telonii
887 1589 916 1617 in
948 1588 1068 1618 civitate
1097 1588 1363 1618 Greit'eswaldensi
1397 1588 1499 1625 dandi,
1535 1589 1564 1618 in
1595 1597 1655 1626 qua
1683 1588 1829 1618 telonium
1860 1596 1878 1618 a
1901 1588 1993 1619 Dinis

345 1642 373 1668 et
397 1639 540 1669 omnibus
564 1639 772 1669 habitantibus
798 1640 826 1668 in
853 1642 933 1669 terra
956 1639 1043 1669 ducis
1070 1639 1219 1669 Suzswicu
1250 1643 1279 1668 ct
1302 1648 1358 1678 pro
1382 1641 1591 1669 mercimoniis
1615 1641 1644 1669 in
1670 1639 1793 1669 Daciam
1824 1643 1854 1669 et
1882 1642 1992 1670 terram

345 1691 488 1728 §sleswich
514 1690 662 1720 ducendis
687 1690 819 1720 dandum
844 1691 1030 1720 nominatur.
1055 1707 1095 1713 -—
1120 1690 1190 1720 Sine
1214 1698 1306 1720 anno.

649 1742 814 1772 liosegarten,
834 1741 868 1765 De
887 1741 1082 1773 Gryphisvuldia
1102 1741 1193 1765 llansoe
1212 1741 1414 1766 Teutonicorum
1434 1743 1503 1766 socia
1525 1744 1549 1765 Sl
1570 1741 1676 1767 11—12.
1714 1741 1870 1766 llansisches
1890 1741 1993 1766 Urkun-

648 1784 715 1808 denb
744 1785 760 1809 l.
780 1784 906 1810 2131—13‘2.
943 1784 1027 1815 ‘l'ydsk
1045 1785 1133 1809 Overs.
1155 1785 1160 1807 i
1181 1784 1255 1812 Foek.
1276 1784 1610 1816 Rfigensch-pommersche
1627 1784 1799 1810 Geschlchten
1820 1785 1848 1809 ll.
1867 1783 1993 1810 212—14.

1111 1906 1235 1947 1275.

513 1989 604 2020 1237,
650 1989 677 2013 0,
698 1989 808 2018 Nlelsen,
829 1989 1009 2019 xjubenhnvns
1030 1989 1242 2020 Diplomntarium
1263 1989 1280 2015 l.
1299 1989 1408 2016 24—25.

514 2039 603 2072 1238,
650 2041 676 2065 Ο,
697 2041 808 2069 Nlelsen.
828 2041 1010 2071 Klabenhavns
1030 2041 1243 2072 Dlploumturium
1263 2041 1280 2066 Ι.
1300 2042 1340 2067 25.

519 2091 603 2122 ·474.
650 2092 805 2123 Cossum
825 2101 882 2122 nec
902 2102 964 2123 non
988 2101 1202 2123 cmvznmnris
1223 2101 1398 2123 urunexsutn
1423 2092 1459 2123 de
1478 2091 1619 2123 nasim-x
1634 2092 1750 2130 litterae,
1775 2091 1887 2130 quibus
1900 2091 1993 2121 Ever-

347 2142 451 2179 hardo,
477 2143 620 2172 confratri
641 2143 857 2183 hospitalitatis
877 2145 975 2174 sancti
995 2144 1138 2183 Spiritus,
1163 2144 1319 2181 mandant,
1344 2147 1376 2174 ut
1399 2144 1585 2173 elemosinas
1612 2143 1753 2182 accipiat,
1778 2151 1844 2180 quae
1868 2145 1994 2181 propter

348 2194 551 2230 indulgentias
575 2194 611 2224 ab
636 2195 818 2232 quibusdam
843 2195 1089 2234 archiepiscopis
1113 2198 1143 2225 et
1166 2196 1334 2234 episcopis,
1360 2196 1438 2224 inter
1461 2203 1539 2232 quos
1568 2194 1729 2224 „dominus
1743 2193 1855 2224 Parnes
1869 2193 1992 2223 Wmun-

347 2254 444 2274 ..usis
465 2246 647 2284 episeopus·
666 2247 852 2285 nominatur,
875 2246 912 2276 ad
937 2246 1208 2276 exaedillcationem
1228 2246 1389 2285 hospitalis
1409 2245 1569 2284 cujusdam
1591 2245 1780 2276 intirmorum
1800 2244 1992 2274 inhonorem

347 2297 443 2325 sancti
469 2296 598 2334 Spiritus
624 2306 793 2327 concessas
817 2297 1055 2337 praestabuntur.
1081 2314 1120 2319 --
1146 2297 1272 2333 Rostack,
1300 2298 1328 2326 in
1353 2297 1453 2334 vigilia
1478 2297 1690 2328 Ascensionis.

650 2348 822 2380 Meklenburg.
848 2349 1013 2374 Urkundenb.
1038 2348 1066 2373 ll.
1085 2347 1211 2374 514—16.

519 2399 604 2430 '‘sl-5.
651 2401 768 2430 Statuta
786 2409 916 2431 (τΑνιτιῑιΛ
942 2409 1141 2431 ΡκονιιειῖιΛιιε
1160 2407 1274 2430 οκυικιε
1289 2399 1318 2429 S.
1333 2400 1487 2430 Accvsrim
1512 2400 1540 2429 in
1556 2399 1647 2430 Dum
1672 2399 1708 2428 de
1733 2397 1994 2435 confessionibus,

346 2450 496 2479 honorum
521 2451 714 2488 alii-natione,
740 2452 842 2481 habitu
868 2454 992 2481 fratrum
1017 2455 1076 2481 etr.
1100 2469 1143 2473 —
1163 2451 1321 2488 Grallades,
1346 2451 1394 2480 clio
1418 2452 1515 2480 sancti
1543 2451 1688 2488 Dyonisii.

651 2502 792 2528 Lunna-beli.
813 2504 928 2533 scriptor
957 2510 997 2526 rer
1026 2502 1141 2526 lluulcar⁴
1163 2502 1187 2524 ti
1208 2502 1264 2527 0233v
