2099 2844
689 119 792 155 Kosa
823 119 913 155 Ean(
942 117 1122 153 Curram.
1683 113 1728 148 79

1796 187 1886 220 1265.

249 258 334 290 ‘413.
381 258 518 289 Caeneus
541 257 648 294 (wius)
671 266 750 296 papa
773 257 916 289 Guidoni,
943 256 1114 294 presbitero
1133 254 1291 289 cardinali,
1317 253 1417 288 legato
1438 251 1520 280 sedis
1540 250 1728 289 apostolica.
1768 250 1806 274 13.
1826 249 1895 272 lunii

77 310 229 348 indulget,
266 318 319 346 ne,
350 311 421 347 quia
450 310 553 348 plures
583 317 733 347 personas
757 312 786 338 et
819 309 994 338 evectiones
1020 308 1122 336 forsan
1147 305 1311 343 aliquando
1341 305 1370 333 in
1404 305 1550 332 «vinitam
1580 302 1731 338 babuerit,

76 370 166 400 quam
192 362 221 391 in
246 362 467 391 constitutione
492 361 645 398 generalis
666 361 788 390 concilii
814 362 940 395 taxatas,
965 358 1062 397 culpa*
1088 357 1346 393 transgressionis
1366 357 1534 385 incusetur.
1556 354 1731 388 -I’erusa'i',

79 412 118 443 id.
145 413 238 450 Junii,
264 421 292 452 p.
318 421 347 441 n.
374 420 455 441 anno
481 411 520 441 1⁰.

385 463 419 494 Ny
440 462 573 487 kirkeblst.
594 462 740 493 Samlinger
761 462 801 487 ΙΙΙ.
822 462 878 487 115.

254 514 339 546 '414
387 514 522 544 Cannas
547 513 651 547 (inusl
671 522 748 552 papa
762 514 904 549 Guidoni,
931 512 1102 551 presbitero
1126 510 1283 546 cardinali,
1310 510 1410 544 legato
1434 509 1612 547 apostolica?
1638 507 1731 541 sedis,
1773 507 1803 531 13
1831 506 1900 530 lunii

77 567 234 605 permittit,
260 570 292 596 ut
316 574 467 604 personas
491 570 616 604 propter
640 574 750 594 causas
776 565 833 594 sibi
858 565 972 594 delatas
999 572 1096 601 usque
1121 562 1156 592 ad
1182 563 1303 591 tertium
1324 561 1368 590 vel
1390 563 1529 598 quartum
1551 559 1629 588 diem
1651 562 1732 587 extra

77 617 220 648 dioceses
245 625 349 647 earum
373 616 409 646 ad
430 616 580 655 judicium
606 616 726 645 trabere
751 616 857 653 valeat,
883 624 943 645 non
969 615 1110 645 obstante
1135 614 1358 644 constitutione
1383 611 1419 641 de
1439 611 1557 640 duabus
1578 610 1678 639 dietis.
1695 627 1730 630 ——

79 669 205 705 Perusit,
233 668 272 698 id.
297 668 390 706 Junii,
416 677 444 706 p.
465 676 494 697 n.
519 675 600 697 anno
626 665 660 696 1⁰.

383 719 418 750 Ny
438 718 569 743 kirkehlst.
590 718 737 749 Samlinger
756 717 795 742 ill.
816 718 873 743 1163.

251 770 337 802 ⁶415.
384 770 519 800 Cannas
544 769 647 806 (wius,
672 777 751 809 papa
775 769 918 806 Guidoni,
944 767 1114 807 presbitero
1138 766 1294 803 cardinali,
1321 765 1420 802 togato
1441 764 1523 793 sedis
1543 763 1733 802 apostolic-ze,
1771 763 1809 788 13.
1829 763 1906 786 Junii-

78 822 221 852 concedit
240 822 413 852 facultatem
433 821 580 861 puniendi
594 821 762 851 litterarum
782 819 1003 859 pontificalium
1023 818 1185 856 abusores,
1211 818 1264 847 sed
1289 816 1456 847 dummodo
1482 816 1646 853 litigantes,
1673 823 1734 843 non

73 873 208 912 judices.
234 891 274 895 —
298 874 426 909 Perus-ii,
453 872 492 902 id.
518 873 611 910 sunit,
637 881 665 911 p.
691 880 720 901 n.
746 880 827 901 anno
853 870 886 901 i0.

386 924 421 956 Ny
440 924 572 950 kirkebist.
592 923 738 954 Samlinger
758 923 797 947 lll.
818 923 873 948 116.

254 975 340 1007 ‘416.
386 976 523 1006 Canens
542 975 645 1011 livius>
670 983 747 1014 papa
772 974 915 1012 Guidoni,
941 973 1112 1013 presbitero
1137 972 1294 1009 cardinali,
1320 972 1420 1008 legato
1445 970 1528 1000 sedis
1547 969 1736 1008 apostolicae.
1775 968 1813 993 13.
1836 968 1914 992 lunii.

80 1027 233 1063 concedit,
259 1030 291 1057 ut
309 1027 470 1066 capellani,
496 1035 574 1065 quos
593 1035 700 1056 secum
719 1026 822 1065 ducat,
847 1029 1014 1065 proventus
1034 1024 1254 1054 beneficiorum
1276 1031 1402 1053 suorum
1428 1022 1608 1060 percipiant,
1635 1021 1736 1058 quoti-

80 1078 178 1108 dianis
202 1078 470 1108 distributionibus
495 1078 650 1108 dumtaxat
673 1077 820 1115 exceptis.
845 1094 886 1097 —
910 1077 1038 1111 Per-usti,
1063 1076 1102 1105 id.
1127 1075 1221 1112 Junii,
1247 1083 1275 1113 p.
1301 1083 1329 1104 n.
1355 1082 1436 1103 auno
1461 1071 1496 1102 1⁰.

387 1129 422 1160 Ny
440 1129 575 1153 kirkehist.
597 1128 742 1159 Samllnger
762 1128 800 1152 lll.
821 1127 876 1153 117.

255 1181 339 1212 ‘417.
387 1181 639 1213 Cmissasllvtussi
664 1188 742 1219 papa
766 1179 909 1217 Guidoni,
935 1178 1107 1217 presbitero
1132 1177 1289 1215 cardinali,
1315 1177 1415 1213 legato
1441 1175 1523 1205 sedis
1548 1174 1738 1213 apostolira‘,
1776 1169 1815 1195 13.
1835 1169 1916 1192 lunii.

81 1232 234 1271 concedit,
259 1236 307 1270 ut,
344 1233 369 1262 si
393 1232 503 1270 aliquis
528 1232 756 1270 capellanorum
782 1232 849 1270 ejus
873 1230 1023 1260 beneficia
1046 1239 1102 1260 sua
1125 1229 1214 1259 cedat
1237 1229 1282 1258 vel
1307 1229 1465 1265 moriatur,
1501 1227 1566 1256 baec
1591 1225 1740 1255 beneficia

81 1283 131 1313 alii
155 1283 296 1314 conferre
319 1283 426 1314 valeat.
451 1301 491 1304 —
517 1284 644 1318 Perus-tr,
668 1282 708 1312 id.
733 1283 826 1319 Junii,
852 1291 880 1320 p.
903 1290 933 1311 n.
958 1289 1040 1312 anno
1065 1280 1100 1311 1⁰.

387 1335 423 1366 Ny
441 1334 573 1359 kirkehist.
593 1334 739 1365 Samlinger
758 1333 798 1358 nl.
818 1332 943 1359 117—18.

255 1394 342 1426 *418.
389 1394 553 1425 CLssiiesTis
578 1394 657 1430 (thil
682 1402 768 1433 papae
792 1394 956 1423 concessio
971 1392 1115 1430 Guidoni,
1140 1392 1312 1431 presbitero
1337 1389 1502 1427 cardinali,
1528 1389 1627 1426 legato
1658 1387 1740 1417 sedis
1777 1391 1913 1418 15⁴1unn.

85 1447 274 1486 apostolicae,
310 1446 389 1484 data,
425 1449 458 1476 ut
481 1447 511 1475 in
547 1446 636 1475 terris
672 1445 834 1483 legationis
865 1453 927 1475 suae
958 1448 1014 1481 (sc.
1040 1444 1150 1480 Dacia,
1176 1443 1280 1473 Suetia
1310 1446 1387 1477 etc.)
1423 1450 1493 1471 cum
1519 1440 1742 1478 quinquaginta

84 1498 223 1536 clericis,
259 1497 412 1528 desectum
444 1497 589 1527 natalium
613 1496 817 1536 patientibuS,
853 1495 1021 1526 dummodo
1051 1504 1113 1525 non
1138 1494 1175 1524 de
1199 1494 1346 1524 adulteris
1371 1502 1426 1522 seu
1451 1492 1643 1529 regularibus
1668 1499 1741 1529 pro-

85 1549 180 1579 creati
204 1549 277 1588 sint,
313 1549 483 1588 dispenset,
519 1551 551 1578 ut
574 1547 610 1578 ad
636 1556 744 1578 omnes
777 1547 902 1578 ordines
933 1547 1106 1586 promoveri
1138 1550 1168 1577 et
1190 1545 1342 1575 beneficia
1365 1544 1578 1574 ecclesiastica
1601 1542 1740 1572 obtinere

85 1601 217 1640 possint.
243 1617 283 1622 -—
307 1601 436 1635 Perusiz',
460 1599 548 1630 xvn.
575 1599 613 1628 kl.
637 1599 720 1637 Julii,
745 1599 943 1638 pontificatus
968 1599 1065 1628 nostri
1090 1606 1172 1627 anno
1196 1597 1306 1635 primo.

391 1652 426 1682 Ny
445 1650 577 1676 kirkebist.
598 1650 744 1681 Samlinger
764 1650 803 1674 lll.
824 1649 966 1676 118—119.

261 1711 346 1743 '419.
394 1712 531 1742 Canens
566 1712 668 1747 (ivm-<l
704 1719 783 1750 papa
820 1710 969 1748 Guidoni,
1005 1709 1178 1749 presbitero
1220 1707 1382 1744 cardinali,
1423 1707 1523 1743 legato
1565 1705 1742 1744 apostolica²
1782 1709 1820 1734 15.
1840 1708 1917 1732 Junii.

88 1762 189 1801 sedis,
224 1763 381 1802 permittit,
418 1767 450 1793 ut
480 1764 563 1793 circa
586 1771 737 1802 personas
768 1762 942 1799 regulares,
979 1770 1045 1799 quae
1076 1761 1105 1790 in
1131 1760 1326 1790 monasteriis
1357 1759 1400 1788 vel
1432 1757 1574 1788 ecclesiis
1599 1757 1744 1795 pravitate

87 1815 265 1853 symoniaca
288 1818 418 1853 receptae
444 1816 522 1852 sint,
548 1823 676 1852 quaeque
702 1817 866 1853 propterea
890 1813 1062 1843 secundum
1087 1812 1290 1842 constitutum
1316 1810 1437 1841 consilii
1461 1808 1615 1847 generalis
1640 1807 1744 1846 expel-

88 1865 185 1896 lendae
216 1874 251 1896 ex
275 1867 472 1896 monasteriis
496 1866 542 1895 vel
566 1865 708 1895 ecclesiis
733 1868 762 1895 et
785 1866 815 1894 in
840 1865 942 1894 locum
966 1864 1088 1894 artioris
1113 1863 1225 1900 regulae
1251 1861 1442 1893 retrudendae
1469 1861 1540 1897 sint,
1576 1858 1746 1898 provideat,

87 1919 131 1955 ut,
156 1925 222 1955 quaa
247 1925 407 1956 perperam
427 1917 456 1946 in
477 1917 664 1947 monasteria
677 1916 722 1946 rel
736 1916 886 1946 ecclesias
908 1916 969 1945 sint
989 1916 1150 1953 ingressae,
1171 1914 1241 1944 inde
1256 1917 1380 1944 remotae
1395 1914 1425 1942 in
1444 1913 1503 1942 alia
1521 1912 1589 1941 loca
1607 1910 1746 1949 eJ'usdem

91 1967 208 1998 ordinis
232 1968 440 2007 collocentur,
465 1969 522 2007 vel,
556 1969 580 1998 si
605 1969 683 1998 l'orte
707 1971 834 2006 propter
858 1968 981 1998 nimiam
1007 1966 1234 1997 multitudinem
1259 1965 1330 1995 alibi
1355 1965 1501 1995 collocari
1526 1966 1691 2000 nequeant,
1717 1963 1746 1990 in

91 2019 199 2049 iisdem
224 2020 420 2050 monasteriis
444 2020 489 2050 vel
509 2020 652 2050 ecclesiis
673 2022 827 2057 maneant,
853 2020 976 2049 mutatis
991 2018 1145 2058 prioribus
1160 2019 1235 2048 locis
1250 2021 1280 2047 et
1298 2016 1494 2047 inferioribus
1515 2015 1692 2051 assignatis.
1710 2031 1744 2034 -—

92 2071 218 2108 Perusii,
245 2071 334 2101 XVll.
359 2072 398 2100 kl.
423 2071 505 2110 Julii,
530 2071 729 2110 pontificatus
753 2071 851 2100 nostri
875 2079 956 2100 anno
976 2071 1086 2109 primo.

396 2123 432 2154 Ny
451 2123 583 2148 kirkehlst.
603 2122 750 2153 Samlinger
769 2121 808 2146 ΙΙΙ.
829 2121 953 2147 119-20.

260 2182 351 2214 1121.
397 2185 458 2212 For
479 2185 504 2212 5.
529 2185 651 2220 Augusti
675 2185 732 2211 laes
757 2185 782 2211 4.
807 2184 938 2219 Augusti.
1785 2180 1808 2206 4.
1829 2180 1946 2210 Augusti.

399 2235 561 2260 Bremisches
581 2234 747 2259 Urkundenb.
768 2234 784 2258 1.
804 2234 930 2260 358-59.

266 2285 353 2317 ⁴420.
399 2286 507 2317 Eiurus
526 2287 682 2317 Danorum
697 2286 936 2323 Sclavorumque
962 2293 1013 2315 rex
1038 2288 1134 2314 metas
1158 2287 1188 2313 et
1211 2284 1410 2313 limitationes
1433 2282 1470 2312 ab
1497 2291 1568 2320 rege
1594 2281 1749 2320 quondam
1787 2287 1826 2312 10.
1851 2286 1969 2316 Augusti.

93 2336 288 2367 Waldemaro
313 2337 424 2367 civitati
448 2337 634 2368 Revaliensi'
654 2338 684 2367 in
714 2337 839 2376 pascuis
870 2345 1016 2376 pecorum
1041 2336 1186 2365 dimissas
1211 2334 1382 2365 confirmat.
1420 2352 1456 2356 —
1494 2334 1674 2372 ln‘nqstatle's,
1700 2333 1749 2362 lV.

94 2388 163 2419 idus
187 2389 327 2426 Augusti.

401 2440 497 2471 nunge,
517 2439 594 2467 le.-.
614 2439 701 2464 Esur-
721 2446 745 2464 u.
765 2438 969 2464 Curiandlscbes
989 2437 1155 2462 Urkundenb.
1172 2437 1188 2464 1,
1209 2436 1333 2462 492-93.
1364 2437 1461 2467 Bunge.
1481 2436 1588 2466 Quellen
1609 2435 1632 2460 d.
1645 2435 1752 2459 Rrvaler

400 2483 562 2508 Stadtreclits
581 2482 609 2507 11.
628 2482 668 2507 al.
706 2482 798 2513 Regest
817 2482 881 2506 citer
901 2481 1049 2510 originali-n
1071 2482 1076 2504 i
1098 2480 1212 2511 Beitrage
1231 2487 1276 2504 zur
1297 2479 1387 2504 liuiule
1407 2479 1502 2506 Etis-t„
1523 2479 1590 2503 lav.-
1612 2478 1664 2502 und
1685 2478 1750 2502 Kur-

401 2526 475 2551 landa
495 2526 524 2554 ΙΙ,
543 2526 566 2551 2.
587 2526 612 2550 S.
633 2525 688 2551 174.
